@article{stem,
    title   = "STEM 101: Intro to tomorrow’s jobs",
    year    = "2014",
    journal = "www.bls.gov/careeroutlook"
}
@article{stem1,
    title   = "You’re a what? Ornithologist” in the summer 2013 issue",
    year    = "2013",
    journal = "www.bls.gov/ ooq/2013/summer/yawhat.pdf"
}
@article{stem2,
    title   = "STEM Jobs: 2017 Update",
    year    = "2017",
    journal = "U.S. Department of Commerce Economics and Statistics Administration Office of the Chief Economist"
}
@article{vis1,
    title   = "Coloring in visualization",
    year    = "2005",
    journal = "https://earthobservatory.nasa.gov",
    author="Robert Simmon"
}
@article{vis2,
    title   = "D3 scales",
    year    = "2015",
    journal = "https://github.com/d3/d3-scale",
    author="mbostock 1.0.7"
}
@article{stemjobs,
    title   = "STEM Jobs: 2017 Update, by U.S. Department of Commerce Economics and Statistics Administration Office of the Chief Economist",
    year    = "2017",
    journal = "http://www.esa.doc.gov/sites/default/files/stem-jobs-2017-update.pdf"
}
@article{stemoccu,
    title   = "STEM occupations: past, present and future",
    year    = "2017",
    journal = "https://www.bls.gov/spotlight/2017/science-technology-engineering-and-mathematics-stem-occupations-past-present-and-future/pdf/science-technology-engineering-and-mathematics-stem-occupations-past-present-and-future.pdf"
}